@inproceedings{rajpurkar2018know,
    title="Know What You Don{'}t Know: Unanswerable Questions for {SQ}u{AD}",
    author="Rajpurkar, Pranav and Jia, Robin and Liang, Percy",
    booktitle="Association for Computational Linguistics (ACL)",
    year="2018",
}


@inproceedings{conneau2020unsupervised,
    title = "Unsupervised Cross-lingual Representation Learning at Scale",
    author = "Conneau, Alexis  and
      Khandelwal, Kartikay  and
      Goyal, Naman  and
      Chaudhary, Vishrav  and
      Wenzek, Guillaume  and
      Guzm{\'a}n, Francisco  and
      Grave, Edouard  and
      Ott, Myle  and
      Zettlemoyer, Luke  and
      Stoyanov, Veselin",
    booktitle = "Proceedings of the 58th Annual Meeting of the Association for Computational Linguistics",
    month = jul,
    year = "2020",
    address = "Online",
    publisher = "Association for Computational Linguistics",
    url = "https://aclanthology.org/2020.acl-main.747",
    doi = "10.18653/v1/2020.acl-main.747",
    pages = "8440--8451",
}
@misc{devlin2019bert,
      title={BERT: Pre-training of Deep Bidirectional Transformers for Language Understanding}, 
      author={Jacob Devlin and Ming-Wei Chang and Kenton Lee and Kristina Toutanova},
      year={2019},
      eprint={1810.04805},
      archivePrefix={arXiv},
      primaryClass={cs.CL}
}